@article{ode,
	author={Le Novere N and Endler L},
	title={Using chemical kinetics to model biochemical pathways.},
	journal={Methods Mol Biol.},
	volume={1021:147-67.},
	year={2013},
}
@article{rule-based-general,
	author={Lily A. Chylek and Leonard A. Harris and Chang-Shung Tung and James R. Faeder and Carlos F. Lopez and William S. Hlavacek},
	title={Rule-based modeling: a computational approach for studying biomolecular site dynamics in cell signaling systems},
	journal={Wiley Interdiscip Rev Syst Biol Med},
	volume={6(1): 13–36},
	year={2014},
}
@article{bioNetGen,
	author={Faeder J.R. et al. },
	title={Rule-based modeling of biochemical systems with bionetgen.},
	journal={ In: Maly I.V. (ed.) Methods in Molecular Biology},
	volume={Systems Biology , Vol. 500, Springer-Verlag Berlin Heidelberg, Springer, pp. 113–167},
	year={2009},
}
@article{kappa,
	author={Danos V. et al.},
	title={ (2007a) Rule-based modelling of cellular signalling.},
	journal={ In: Proceedings of the Eighteenth International Conference on Concurrency Theory, CONCUR 2007},
	volume={Vol. 4703 of Lecture Notes in Computer Science. Lisbon, Portugal, Springer-Verlag Berlin Heidelberg, pp. 17–41.},
	year={2007},
}
@article{uniprot,
	title={Infrastructure for the life sciences: design and implementation of the UniProt website},
	author={Jain, Eric and Bairoch, Amos and Duvaud, Severine and Phan, Isabelle and Redaschi, Nicole and Suzek, Baris E and Martin, Maria J and McGarvey, Peter and Gasteiger, Elisabeth},
	journal={BMC bioinformatics},
	volume={10},
	number={1},
	pages={136},
	year={2009},
	publisher={BioMed Central}
}
@article{ppiDef,
	title={Protein--protein interactions essentials: key concepts to building and analyzing interactome networks},
	author={De Las Rivas, Javier and Fontanillo, Celia},
	journal={PLoS computational biology},
	volume={6},
	number={6},
	pages={e1000807},
	year={2010},
	publisher={Public Library of Science}
}
@incollection{ppimp,
	title={Targeting protein-protein interactions for drug discovery},
	author={Fry, David C},
	booktitle={Protein-Protein Interactions},
	pages={93--106},
	year={2015},
	publisher={Springer}
}
@incollection{cancer,
	title={Exploring Protein-Protein Interactions as Drug Targets for Anti-cancer Therapy with In Silico Workflows},
	author={Goncearenco, Alexander and Li, Minghui and Simonetti, Franco L and Shoemaker, Benjamin A and Panchenko, Anna R},
	booktitle={Proteomics for Drug Discovery},
	pages={221--236},
	year={2017},
	publisher={Springer}
}
@article{chylek2014rule,
	title={Rule-based modeling: a computational approach for studying biomolecular site dynamics in cell signaling systems},
	author={Chylek, Lily A and Harris, Leonard A and Tung, Chang-Shung and Faeder, James R and Lopez, Carlos F and Hlavacek, William S},
	journal={Wiley Interdisciplinary Reviews: Systems Biology and Medicine},
	volume={6},
	number={1},
	pages={13--36},
	year={2014},
	publisher={Wiley Online Library}
}
@article{proteinDruggability,
	title={Development of a rule-based method for the assessment of protein druggability},
	author={Perola, Emanuele and Herman, Lee and Weiss, Jonathan},
	journal={Journal of chemical information and modeling},
	volume={52},
	number={4},
	pages={1027--1038},
	year={2012},
	publisher={ACS Publications}
}
@inproceedings{pathwayAnalysis,
	title={Rule-based multi-scale simulation for drug effect pathway analysis},
	author={Hwang, Woochang and Hwang, Yongdeuk and Lee, Sunjae and Lee, Doheon},
	booktitle={BMC medical informatics and decision making},
	volume={13},
	number={1},
	pages={S4},
	year={2013},
	organization={BioMed Central}
}
@inproceedings{kasim,
	title={( 2007b ) Scalable simulation of cellular signaling networks},
	author={Danos   V.  et al},
	booktitle={Asian Symposium on Programming Languages and Systems},
	pages={139--157},
	year={2007},
	organization={Springer}
}
@Book{P2,
  author     = "Chen-Chung Chang and H. Jerome Keisler",
  title      = "Model Theory",
  publisher  = "North-Holland",
  edition   = {Third},
  year       = 1990,
}

@inproceedings{P1,
  author    = {Hiroki Arimura},
  title     = {Learning Acyclic First-Order {H}orn Sentences from Entailment},
  booktitle = {Proc. of the 8th Intl. Conf. on Algorithmic Learning Theory, ALT '97},
  year      = {1997},
  pages     = {432-445},
  ee        = {http://dx.doi.org/10.1007/3-540-63577-7_59},
  bibsource = {DBLP, http://dblp.uni-trier.de}
}
